 @misc{ wiki_flickr,
   author = "Wikipedia",
   title = "Flickr --- Wikipedia{,} The Free Encyclopedia",
   year = "2009",
   url = "http://en.wikipedia.org/w/index.php?title=Flickr&oldid=326710624",
   note = "[Online; accessed 29-November-2009 \url{http://en.wikipedia.org/w/index.php?title=Flickr&oldid=326710624}]"
 }
 
 @misc{ web_flickr_api,
   author = "St√ºvel.eu",
   title = "Projects|Python Flickr API kit",
   year = "2009",
   url = "http://stuvel.eu/projects/flickrapi",
   note = "[Online; accessed 29-November-2009 \url{http://stuvel.eu/projects/flickrapi}]"
 }

 @misc{ web_flickr_tags,
   author = "Flickr",
   title = "Popular tags on Flickr",
   year = "2009",
   url = "http://www.flickr.com/photos/tags/",
   note = "[Online; accessed 29-November-2009 \url{http://www.flickr.com/photos/tags/}]"
 }



